@article{real04,
  title={Mode change protocols for real-time systems: A survey and a new proposal},
  author={Real, J. and Crespo, A.},
  journal={Real-Time Systems},
  volume={26},
  number={2},
  pages={161--197},
  year={2004},
  publisher={Springer}
}

@inproceedings{real99,
  title={Implementing mode changes with shared resources in ada},
  author={Real, J. and Wellings, A.},
  booktitle={Real-Time Systems, 1999. Proceedings of the 11th Euromicro Conference on},
  pages={86--93},
  year={1999},
  organization={IEEE}
}

@article{ravenscar,
  title={Guide for the use of the Ada Ravenscar Profile in high integrity systems},
  author={Burns, A. and Dobbing, B. and Vardanega, T.},
  journal={ACM SIGAda Ada Letters},
  volume={24},
  number={2},
  pages={1--74},
  year={2004},
  publisher={ACM}
}

@article{vardanega05,
  title={On the dynamic semantics and the timing behavior of ravenscar kernels},
  author={Vardanega, T. and Zamorano, J. and De La Puente, J.A.},
  journal={Real-Time Systems},
  volume={29},
  number={1},
  pages={59--89},
  year={2005},
  publisher={Springer}
}

@article{bollella00,
  title={The real-time specification for Java},
  author={Bollella, G. and Gosling, J.},
  journal={Computer},
  volume={33},
  number={6},
  pages={47--54},
  year={2000},
  publisher={IEEE}
}

@article{kwon05,
  title={Ravenscar-Java: a high-integrity profile for real-time Java},
  author={Kwon, J. and Wellings, A. and King, S.},
  journal={Concurrency and Computation: Practice and Experience},
  volume={17},
  number={5-6},
  pages={681--713},
  year={2005},
  publisher={Wiley Online Library}
}

@inproceedings{brosgol02,
  title={Asynchronous transfer of control in the real-time
specification for javaâ„¢},
  author={Brosgol, B.M. and Hassan II, R.J. and Robbins, S.},
  booktitle={ACM SIGAda Ada Letters},
  volume={22},
  number={4},
  pages={95--112},
  year={2002},
  organization={ACM}
}

@inproceedings{gonzalez01,
  title={Mast: Modeling and analysis suite for real time applications},
  author={Gonz{\'a}lez Harbour, M. and Guti{\'e}rrez Garc{\'\i}a, JJ and Palencia Guti{\'e}rrez, JC and Drake Moyano, JM},
  booktitle={Real-Time Systems, 13th Euromicro Conference on, 2001.},
  pages={125--134},
  year={2001},
  organization={IEEE}
}

@article{burns08,
  title={Sustainability in real-time scheduling},
  author={Burns, A. and Baruah, S.},
  journal={Journal of Computing Science and Engineering},
  volume={2},
  number={1},
  pages={74--97},
  year={2008}
}
